<record><leader>00000cas a22000007a 4500</leader><controlfield tag="001">28961194</controlfield><controlfield tag="007">hd afb---baca</controlfield><controlfield tag="008">931008d178u178uncuwr n a     0    0eng d</controlfield><datafield ind1=" " ind2=" " tag="010"><subfield code="a">sn 93018023 </subfield></datafield><datafield ind1=" " ind2=" " tag="040"><subfield code="a">CLU</subfield><subfield code="b">eng</subfield><subfield code="c">CLU</subfield><subfield code="d">OCLCQ</subfield><subfield code="d">NCECU</subfield><subfield code="d">DLC</subfield><subfield code="d">OCLCQ</subfield><subfield code="d">OCLCF</subfield></datafield><datafield ind1=" " ind2=" " tag="012"><subfield code="i">9310</subfield></datafield><datafield ind1="1" ind2=" " tag="029"><subfield code="a">AU@</subfield><subfield code="b">000023805021</subfield></datafield><datafield ind1=" " ind2=" " tag="042"><subfield code="a">msc</subfield></datafield><datafield ind1=" " ind2=" " tag="043"><subfield code="a">n-us-nc</subfield></datafield><datafield ind1="0" ind2="4" tag="245"><subfield code="a">The Noth. Carolina gazette, or, New-Bern advertiser</subfield><subfield code="h">[microform].</subfield></datafield><datafield ind1="3" ind2="0" tag="246"><subfield code="a">New-Bern advertiser</subfield></datafield><datafield ind1="3" ind2="0" tag="246"><subfield code="a">Noth. Carolina gazette</subfield></datafield><datafield ind1="3" ind2="0" tag="246"><subfield code="a">North Carolina gazette</subfield></datafield><datafield ind1=" " ind2=" " tag="260"><subfield code="a">New-Bern, N.C. :</subfield><subfield code="b">Printed for Martin &amp; Co.</subfield></datafield><datafield ind1=" " ind2=" " tag="300"><subfield code="a">v.</subfield></datafield><datafield ind1=" " ind2=" " tag="310"><subfield code="a">Weekly</subfield></datafield><datafield ind1=" " ind2=" " tag="588"><subfield code="a">Description based on: Nov. 3, 1785.</subfield></datafield><datafield ind1=" " ind2=" " tag="533"><subfield code="a">Microfilm.</subfield><subfield code="b">Raleigh, N.C. :</subfield><subfield code="c">North Carolina Dept. of Archives and History, Division of Archives and Manuscripts.</subfield><subfield code="e">1 microfilm reel ; 35 mm.</subfield><subfield code="f">([18th Century North Carolina newspapers]; 18 Cen-3).</subfield></datafield><datafield ind1=" " ind2=" " tag="539"><subfield code="a">d</subfield><subfield code="b">178u</subfield><subfield code="c">178u</subfield><subfield code="d">ncu</subfield><subfield code="e">u</subfield><subfield code="f">u</subfield><subfield code="g">a</subfield></datafield><datafield ind1=" " ind2="0" tag="651"><subfield code="a">New Bern (N.C.)</subfield><subfield code="v">Newspapers.</subfield></datafield><datafield ind1=" " ind2="7" tag="655"><subfield code="a">Newspapers.</subfield><subfield code="2">fast</subfield><subfield code="0">(OCoLC)fst01423814</subfield></datafield><datafield ind1=" " ind2="7" tag="651"><subfield code="a">North Carolina</subfield><subfield code="z">New Bern.</subfield><subfield code="2">fast</subfield><subfield code="0">(OCoLC)fst01217415</subfield></datafield><datafield ind1=" " ind2=" " tag="752"><subfield code="a">United States</subfield><subfield code="b">North Carolina</subfield><subfield code="c">Craven</subfield><subfield code="d">New Bern.</subfield></datafield><datafield ind1="0" ind2="0" tag="780"><subfield code="t">North Carolina gazette, or, Impartial intelligencer, and weekly general advertiser</subfield><subfield code="w">(DLC)sn 93018022</subfield><subfield code="w">(OCoLC)28961185</subfield></datafield><datafield ind1="0" ind2="0" tag="785"><subfield code="t">Martin's North Carolina gazette</subfield><subfield code="w">(DLC)sn 93018024</subfield><subfield code="w">(OCoLC)13384602</subfield></datafield><datafield ind1=" " ind2=" " tag="850"><subfield code="a">CLU</subfield></datafield></record>